@Article{Barthes,
  author = 	 {Barthes, Ronald},
  title = 	 {La mort de l'auteur},
  journal = 	 {Manteia},
  year = 	 {1968},
  number = 	 {5},
}

@Book{jacob,
  author = 	 {Eisenstein, Jacob},
  title = 	 {Natural Language Processing},
  publisher = 	 {MIT Press},
  year = 	 {2018},
  month = 	 {Nov}
}

@article{woosh_1998,
  author = 	 {Swift, Jonathan},
  title = 	 {Copyright 101: A Brief Introduction To Copyright For Fan Fiction Writers},
  journal = 	 {Woosh Magazine, Birthplace of the International Association of Xena Studies},
  url = {http://www.whoosh.org/issue25/lee1a.html#41},
  urldate = {2020-9-12},
  month = 	 {October},
  year = 	 {1998},
}

@Article{uncanny_2017,
  author = 	 {Stuart, Alasdair},
  title = 	 {Dean Winchester and Commander Shepard Walk Into A Bar: Why Fanon Matters},
  howpublished = {\url{https://uncannymagazine.com/article/dean-winchester-commander-shepard-walk-bar-fanon-matters/}},
  month = 	 {July/August},
  year = 	 {2017},
  journal = 	 {Uncanny Magazine},
}

@Misc{ellis_2018, 
	title =		{Death of the Author}, 
	howpublished = {\url{https://www.youtube.com/watch?v=MGn9x4-Y_7A}}, 
	author =	{Ellis, Lindsay}, 
	year =		{2018},
	month =		{December},
	note =	{(última visita: 2/12/2020)},
}

@Misc{bird_2012,
	title = 	{Natural Language Processing with Python},
	howpublished = {\url{https://www.nltk.org/book_1ed/ch07.html}},
	author = 	{Bird, Steven},
	chapter = {7},
	year =	{2012},
	month =	{October},
	note =	{(última visita: 16/1/2021)},
}

@online{jose_2017,
	author = {Jose, Rojit},
	title = {Information extraction},
	year = {2017},
	howpublished = {\url{https://github.com/rohitjose/InformationExtraction}},
	note =	{(última visita: 24/9/2020)},
}

@article{zelenko_2003,
	author = {Zelenko, Dimitri and others},
	authora = {Aone, Chinatsu},
	authorb = {Richardella, Anthony},
	title = {Kernel Methods for Relation Extraction},
	journal = {Journal of Machine Learning Research},
	howpublished = {\urĺ{https://jmlr.csail.mit.edu/papers/volume3/zelenko03a/zelenko03a.pdf}},
	year = {2003},
	OPTeditor = {Kandola, Jaz},
	OPTeditora = {Hofmann, Thomas},
	OPTeditorb = {Poggio, Tomaso},
	OPTeditorc = {Shawe-Taylor, John},
	OPTjournalsubtitle = {journalsubtitle},
	number = {3},
	pages = {1083-1106},
}

@Misc{peng_17,
	author = {Peng, Nanyun and others},
	title = {Cross-sentence N-ary Relation Extraction with Graph LSTMs},
	year = {2017},
	note = {arXiv: 1708.03743 (última visita: 9/2/2021)},

}

@article{craven_99,
	author = {Craven, Mark and Kumlien, Johan},
	title = {Constructing Biological Knowledge Bases by Extracting Informationfrom Text Sources},
	journal = {SMB-99 Proceedings},
	howpublished = {\urĺ{https://www.aaai.org/Papers/ISMB/1999/ISMB99-010.pdf}},
	year = {1999},
}

@article{manica_2019,
	author = {Manica, Matteo and Auer, Christoph},
	title = {An Information Extraction and Knowledge Graph Platform for Accelerating Biochemical Discoveries},
	journal = {Workshop on Applied Data Science for Healthcare at KDD},
	howpublished = {\urĺ{https://arxiv.org/abs/1907.08400}},
	year = {2019},
}


@article{wick_2009,
	author = {Wick, Michael and others},
	authora = {Culotta, Aron},
	authorb = {Rohanimanesh, Khashayar},
	authorc = {McCallum, Andrew},
	title = {An Entity Based Model for Coreference Resolution},
	journal = {University of Massachusetts},
	OPTsubtitle = {Computer Science Department},
	OPTurl = {\urĺ{https://epubs.siam.org/doi/pdf/10.1137/1.9781611972795.32}},
	year = {2009},
}

@article{culotta_2007,
	author = {Culotta, Aron and others},
	authora = {Wick, Michael},
	authorb = {Hall, Robert},
	authorc = {Marzilli, Matthew},
	authord = {McCallum, Andrew},
	title = {Canonicalization of Database Records using Adaptive Similarity Measures},
	journaltitle = {University of Massachusetts},
	OPTsubtitle = {Computer Science Department},
	OPTurl = {\urĺ{http://cs.tulane.edu/~aculotta/pubs/culotta07canonicalization.pdf}},
	year = {2007},
}

@article{levenshtein_1966,
	author ={Levenshtein, Vladimir},
	title = {Binary Codes Capable of Correcting Deletions, Insertions and Reversals},
	journal = {Soviet Physics Doklady},
	volume = {10},
	page = {707},
	year = {1966},
	howpublished = {\urĺ{https://ui.adsabs.harvard.edu/abs/1966SPhD...10..707L/abstract}},
	
}

@article{corenlp_use,
	author ={Manning, Christopher and others},
	authora = {Surdeanu, Mihai},
	authorb = {Bauer, John},
	authorc = {Finkel, Jenny},
	authord = {Bethard, Steven},
	authore = {McClosky, David},
	title = {The Stanford CoreNLP Natural Language Processing Toolkit},
	journal = {Stanford},
	year = {2014},
	howpublished = {\urĺ{https://nlp.stanford.edu/pubs/StanfordCoreNlp2014.pdf}},
	
}

@article{corenlp_ner,
	author ={Finkel, Jenny Rose and others},
	authora = {Grenager, Trond},
	authorb = {Manning, Christopher},
	title = {Incorporating Non-local Information into Information Extraction Systems by Gibbs Sampling},
	journal = {Proceedings of the 43nd Annual Meeting of the Association for Computational Linguistics (ACL 2005)},
	year = {2005},
	howpublished = {\urĺ{https://nlp.stanford.edu/~manning/papers/gibbscrf3.pdf}},
	
}

@article{laff_2001,
	author ={Lafferty, John and others},
	journal = {Proceedings of the 18th International Conference on Machine Learning 2001 (ICML 2001)},
	title = {Conditional Random Fields: Probabilistic Models for Segmenting and Labeling Sequence Data},
	month = {June},
	year = {2001},
	pages = {282-289},

}

@article{lin_2009,
	author ={Lin, Dekang and Wu, Xiaoyun},
	journal = {Proceedings of the 47th Annual Meeting of the ACL and the 4th IJCNLP of the AFNLP},
	pages = {151-213},
	title = {Phrase Clustering for Discriminative Learning},
	month = {August},
	year = {2009},
	howpublished = {\urĺ{https://repository.upenn.edu/cgi/viewcontent.cgi?article=1162&context=cis_papers}},
	
}

@article{nothman_2013,
	title = {Learning multilingual named entity recognition from Wikipedia},
	journal = {Artificial Intelligence},
	volume = {194},
	pages = {151-175},
	year = {2013},
	issn = {0004-3702},
	doi = {https://doi.org/10.1016/j.artint.2012.03.006},
	url = {http://www.sciencedirect.com/science/article/pii/S0004370212000276},
	author = {Nothman,Joel and others},
	authorb={Ringland,Nicky},
	authorc={Radford,Will},
	authord={Murphy,Tara},
	authore={Curran,James R.},
		
}

@online{ivanov_2016,
	author = {Ivanov, George-Bogdan},
	title = {Complete guide to build your own Named Entity Recognizer with Python},
	howpublished = {\url{https://nlpforhackers.io/named-entity-extraction/}},
	date = {2016-9-27},
	month = {September},
	year = {2016},
	note =	{(última visita: 28/4/2020)},
}

@online{peter_2017,
	author = {Prettenhofer, Peter},
	title = {Clustering text documents using k-means},
	howpublished = {\url{https://scikit-learn.org/stable/auto_examples/text/plot_document_clustering.html#sphx-glr-auto-examples-text-plot-document-clustering-py}},
	note =	{(última visita: 20/10/2020)},
}

@online{sklearn_feature,
	title = {Feature extraction: Tf–idf term weighting},
	howpublished = {\url{https://scikit-learn.org/stable/modules/feature_extraction.html#text-feature-extraction}},
	note =	{(última visita: 26/11/2020)},
}

@online{kapadia_2019,
	title = {Evaluate Topic Models: Latent Dirichlet Allocation (LDA)},
	title = {Clustering text documents using k-means},
	howpublished = {\url{https://towardsdatascience.com/evaluate-topic-model-in-python-latent-dirichlet-allocation-lda-7d57484bb5d0}},
	note = {Towards Data Science},
}


@article{ID,
	author = {Ivanov, George-Bogdan},
	title = {title},
	journaltitle = {journaltitle},
	date = {date},
	OPTtranslator = {translator},
	OPTannotator = {annotator},
	OPTcommentator = {commentator},
	OPTsubtitle = {subtitle},
	OPTtitleaddon = {titleaddon},
	OPTeditor = {editor},
	OPTeditora = {editora},
	OPTeditorb = {editorb},
	OPTeditorc = {editorc},
	OPTjournalsubtitle = {journalsubtitle},
	OPTissuetitle = {issuetitle},
	OPTissuesubtitle = {issuesubtitle},
	OPTlanguage = {language},
	OPToriglanguage = {origlanguage},
	OPTseries = {series},
	OPTvolume = {volume},
	OPTnumber = {number},
	OPTeid = {eid},
	OPTissue = {issue},
	OPTmonth = {month},
	OPTpages = {pages},
	OPTversion = {version},
	OPTnote = {note},
	OPTissn = {issn},
	OPTaddendum = {addendum},
	OPTpubstate = {pubstate},
	OPTdoi = {doi},
	OPTeprint = {eprint},
	OPTeprintclass = {eprintclass},
	OPTeprinttype = {eprinttype},
	OPTurl = {url},
	OPTurldate = {urldate},
}


